@misc{HammingWeight,
	title = {Hamming weight},
	author = {Wikipedia},
	howpublished = {\url{https://en.wikipedia.org/wiki/Hamming_weight}},
	note = {Accessed: 2017-04-24}
}

@misc{CarryLessProduct,
	title = {Carry-less product},
	author = {Wikipedia},
	howpublished = {\url{https://en.wikipedia.org/wiki/Carry-less_product}},
	note = {Accessed: 2018-10-05}
}

@misc{Seander05,
	title = {Bit Twiddling Hacks},
	author = {Sean Eron Anderson},
	howpublished = {\url{http://graphics.stanford.edu/~seander/bithacks.html}},
	note = {Accessed: 2017-04-24}
}

@misc{Fgiesen13,
	title = {Bit scanning equivalencies},
	howpublished = {\url{https://fgiesen.wordpress.com/2013/10/18/bit-scanning-equivalencies/}},
	note = {Accessed: 2017-04-24}
}

@book{Warren12,
	author = {Warren, Henry S.},
	title = {Hacker's Delight},
	year = {2012},
	isbn = {0321842685, 9780321842688},
	edition = {2nd},
	publisher = {Addison-Wesley Professional}
}

@book{CrayXMT,
	title = {Cray XMT Principles of Operation},
	note = {Version 1.3, S-2473-13},
	publisher = {Cray Inc.},
	year = {2009}
}

@book{CrayX1,
	title = {Cray Assembly Language (CAL) for Cray X1 Systems Reference Manual},
	note = {Version 1.1, S-2314-50},
	publisher = {Cray Inc.},
	year = {2003}
}

@misc{Wolf17A,
	author = {Clifford Wolf},
	title = {A simple synthetic compiler benchmark for bit manipulation operations},
	howpublished = {\url{http://svn.clifford.at/handicraft/2017/bitcode/}},
	note = {Accessed: 2017-04-30}
}

@misc{Wolf17B,
	author = {Clifford Wolf},
	title = {Reference Hardware Implementations of Bit Extract/Deposit Instructions},
	howpublished = {\url{https://github.com/cliffordwolf/bextdep}},
	note = {Accessed: 2017-04-30}
}

@misc{Ri5cy,
	title = {RI5CY: User Manual},
	author = {Andreas Traber, Michael Gautschi, Pasquale Davide Schiavone},
	howpublished = {\url{https://pulp-platform.org//wp-content/uploads/2017/11/ri5cy_user_manual.pdf}},
	note = {Accessed: 2017-04-26}
}

@inproceedings{Hilewitz06,
	author = {Hilewitz, Yedidya and Lee, Ruby B.},
	title = {Fast Bit Compression and Expansion with Parallel Extract and Parallel Deposit Instructions},
	booktitle = {Proceedings of the IEEE 17th International Conference on Application-specific Systems, Architectures and Processors},
	series = {ASAP '06},
	year = {2006},
	isbn = {0-7695-2682-9},
	pages = {65--72},
	numpages = {8},
	url = {https://doi.org/10.1109/ASAP.2006.33},
	doi = {10.1109/ASAP.2006.33},
	acmid = {1169261},
	publisher = {IEEE Computer Society},
	address = {Washington, DC, USA},
}

@book{Knuth4A,
	author = {Donald E. Knuth},
	title = {The Art of Computer Programming, Volume 4A},
	year = {2011},
	isbn = {0201038048},
	publisher = {Addison-Wesley}
}

@misc{ChessProg,
	title = {Chess Programming Wiki, Flipping Mirroring and Rotating},
	howpublished = {\url{https://chessprogramming.wikispaces.com/Flipping%20Mirroring%20and%20Rotating}},
	note = {Accessed: 2017-05-05}
}

@misc{MortonCode,
	title = {Morton Code (Z-order curve, Lebesgue curve)},
	author = {Wikipedia},
	howpublished = {\url{https://en.wikipedia.org/wiki/Z-order_curve}},
	note = {Accessed: 2018-10-12}
}

@misc{ClmulErasureCode,
	title = {Using Carry-less Multiplication (CLMUL) to Implement Erasure Code},
	author = {James Hughes},
	howpublished = {Patent US13866453},
	year = {2013}
}

@article{CLHASH,
	author    = {Daniel Lemire and Owen Kaser},
	title     = {Faster 64-bit universal hashing using carry-less multiplications},
	journal   = {CoRR},
	volume    = {abs/1503.03465},
	year      = {2015},
	url       = {http://arxiv.org/abs/1503.03465},
	archivePrefix = {arXiv},
	eprint    = {1503.03465},
	timestamp = {Mon, 13 Aug 2018 16:47:45 +0200},
	biburl    = {https://dblp.org/rec/bib/journals/corr/LemireK15},
	bibsource = {dblp computer science bibliography, https://dblp.org}
}

@article{SelectX86,
	author    = {Prashant Pandey and Michael A. Bender and Rob Johnson},
	title     = {A Fast x86 Implementation of Select},
	journal   = {CoRR},
	volume    = {abs/1706.00990},
	year      = {2017},
	url       = {http://arxiv.org/abs/1706.00990},
	archivePrefix = {arXiv},
	eprint    = {1706.00990},
	timestamp = {Mon, 13 Aug 2018 16:47:25 +0200},
	biburl    = {https://dblp.org/rec/bib/journals/corr/PandeyBJ17},
	bibsource = {dblp computer science bibliography, https://dblp.org}
}

@misc{BiereComm,
	author = "Armin Biere",
	year = "2018",
	month = "October",
	howpublished = "private communication"
}

@misc{FastCRC,
	title = {Fast CRC Computation for Generic Polynomials Using PCLMULQDQ Instruction},
	author = {Vinodh Gopal and Erdinc Ozturk and Jim Guilford and Gil Wolrich and Wajdi Feghali and Martin Dixon and Deniz Karakoyunlu},
	howpublished = {\url{https://www.intel.com/content/dam/www/public/us/en/documents/white-papers/fast-crc-computation-generic-polynomials-pclmulqdq-paper.pdf}},
	note = {Intel White Paper, Accessed: 2018-10-23},
	year = {2009}
}

@misc{Wolf18A,
	author = {Clifford Wolf},
	title = {Reference implementations of various CRCs using Carry-Less Multiply},
	howpublished = {\url{http://svn.clifford.at/handicraft/2018/clmulcrc/}},
	note = {Accessed: 2018-11-06}
}
